% This file was created with JabRef 2.7b.
% Encoding: UTF-8

@BOOK{anonymous2001,
  title = {Der Neue Hacker's Guide: Sicherheit Im Internet Und Im lokalen Netz},
  publisher = {Markt+Technik Verlag, ein Imprint der Pearson Education Deutschland
	GmbH, Martin-Kollar-Straße 10-12, D-81829 München},
  year = {2001},
  editor = {CHristian Alkemper and Marion Thomas},
  author = {anonymous},
  note = {ST277 N481: Sicherheitsrichtlinien S. 714},
  owner = {root},
  timestamp = {2014.10.20}
}

@BOOK{Bidgoli2006,
  title = {Handbook Of Information Security},
  publisher = {John Wiley \& Sons, Inc., Hoboken, New Jersey},
  year = {2006},
  author = {Hossein Bidgoli},
  volume = {3},
  note = {ST277M B585: S. 7 Insider Threaths, 277 Physical Security},
  owner = {root},
  timestamp = {2014.10.20}
}

@BOOK{Eckert2012,
  title = {IT-Sicherheit: Konzepte - Verfahren - Protokolle},
  publisher = {Oldenburgische Wissenschaftsverlag GmbH, Rosenheimer Straße 145,
	D-81671 München},
  year = {2012},
  author = {Prof. Dr. CLaudia Eckert},
  note = {ST277 E19: Poliies 216, 905},
  owner = {root},
  timestamp = {2014.10.20}
}

@BOOK{Patwardhan2003,
  title = {Perl in a Nutshell, 2nd Edition},
  publisher = {O'Reilly Verlag GmbH \& Co. KG},
  year = {2003},
  author = {N. Patwardhan and E. Siever and S. Spainhour},
  owner = {root},
  timestamp = {2014.10.11}
}

@BOOK{Stamp2006,
  title = {Information Security: Principles And Practice},
  publisher = {John Wiley \& Sons, Inc., Hoboken, New Jersey},
  year = {2006},
  author = {Mark Stamp},
  note = {S. 281 Malware},
  owner = {root},
  timestamp = {2014.10.20}
}

@MISC{Heartbleed,
  title = {Heartbleed},
  lastchecked = {Oktober 29, 2014},
  owner = {root},
  timestamp = {2014.10.29},
  url = {https://cve.mitre.org/cgi-bin/cvename.cgi?name=CVE-2014-0160}
}

@MISC{McAffee,
  title = {McAffee},
  lastchecked = {Oktober 29, 2014},
  owner = {root},
  timestamp = {2014.10.29},
  url = {http://csis.org/files/attachments/140609_McAfee_PDF.pdf}
}

@MISC{Shellshock,
  title = {Shellshock},
  lastchecked = {Oktober 29, 2014},
  owner = {root},
  timestamp = {2014.10.29},
  url = {https://cve.mitre.org/cgi-bin/cvename.cgi?name=CVE-2014-6271}
}

@MISC{Snowden,
  title = {Snowden},
  lastchecked = {Oktober 29, 2014},
  owner = {root},
  timestamp = {2014.10.29},
  url = {https://www.theguardian.com/us-news/edward-snowden}
}

@MISC{USBAbout,
  title = {USB Implementers Forum, Inc.},
  lastchecked = {Oktober 29, 2014},
  owner = {root},
  timestamp = {2014.10.29},
  url = {http://www.usb.org/about}
}

@MISC{USBDesk,
  title = {USB 2.0 Standart},
  lastchecked = {Oktober 29, 2014},
  owner = {root},
  timestamp = {2014.10.29},
  url = {http://www.usb.org/developers/docs/usb20_docs/#usb20spec}
}

@MISC{USBVendor,
  title = {USB Vendor},
  lastchecked = {Oktober 29, 2014},
  owner = {root},
  timestamp = {2014.10.29},
  url = {http://www.usb.org/developers/vendor/}
}

@comment{jabref-meta: selector_publisher:}

@comment{jabref-meta: selector_author:}

@comment{jabref-meta: selector_journal:}

@comment{jabref-meta: selector_keywords:John Wiley;}

